<?xml version="1.0" encoding="UTF-8"?><record xmlns="http://www.loc.gov/MARC21/slim" xmlns:cinclude="http://apache.org/cocoon/include/1.0" xmlns:zs="http://www.loc.gov/zing/srw/">
  <leader>00596cz  a2200169n  4500</leader>
  <controlfield tag="001">n  85210591 </controlfield>
  <controlfield tag="003">DLC</controlfield>
  <controlfield tag="005">20080423075014.0</controlfield>
  <controlfield tag="008">860521n| acannaabn          |a aaa      </controlfield>
  <datafield tag="010" ind1=" " ind2=" ">
    <subfield code="a">n  85210591 </subfield>
  </datafield>
  <datafield tag="035" ind1=" " ind2=" ">
    <subfield code="a">(OCoLC)oca01595090</subfield>
  </datafield>
  <datafield tag="040" ind1=" " ind2=" ">
    <subfield code="a">DLC</subfield>
    <subfield code="b">eng</subfield>
    <subfield code="c">DLC</subfield>
    <subfield code="d">DLC</subfield>
    <subfield code="d">OCoLC</subfield>
  </datafield>
  <datafield tag="100" ind1="1" ind2=" ">
    <subfield code="a">Dvivedī, Candralekhā</subfield>
  </datafield>
  <datafield tag="400" ind1="0" ind2=" ">
    <subfield code="a">Candralekhā Dvivedī</subfield>
  </datafield>
  <datafield tag="400" ind1="1" ind2=" ">
    <subfield code="a">Dwivedi, Chandra Lekha</subfield>
  </datafield>
  <datafield tag="400" ind1="0" ind2=" ">
    <subfield code="a">Chandra Lekha Dwivedi</subfield>
  </datafield>
  <datafield tag="670" ind1=" " ind2=" ">
    <subfield code="a">Her Eraṇa kā rājanītika tathā sāṃskr̥tika itihāsa, 1985:</subfield>
    <subfield code="b">t.p. (Ḍô. Candralekhā Dvivedī) t.p. verso (Dr. Chandra Lekha Dwivedi) jkt. (Ph. D.)</subfield>
  </datafield>
</record>